@misc{milne,
    author    = "Milne, James S.",
    title     = "{Lectures on Étale Cohomology}",
    howpublished = "\url{http://www.jmilne.org/math/CourseNotes/lec.html}",
    year="1998-2013",
}

@misc{lovering,
  author = "Lovering, Tom",
  title = "{Étale Cohomology and Galois Representations}",
  howpublished = "\url{http://tlovering.wordpress.com/2012/06/22/etale-cohomology-and-galois-representations/}",
  year = "2012",
}

@misc{dugger,
    author    = "Dugger, Daniel",
    title     = "{Navigating the Motivic World}",  
    howpublished = "\url{http://math.uoregon.edu/~ddugger/wbook.pdf}",
    year    = "2008",
}

@book{szam,
    author    = "Szamuely, Tamás",
    title     = "Galois Groups and Fundamental Groups",
    publisher = "Cambridge University Press",
    year      = "2009",
}

@article{deligne,
    author    = "Deligne, Pierre",
    title     = "{La conjecture de Weil. I}",
    journal   = " Publications Mathématiques de l'IHÉS",
    number   = "43",
    pages    = "273–307",
    year      = "1974",
}

@book{hart,
    author    = "Hartshorne, Robin",
    title     = "{Algebraic Geometry}",
    publisher = "Springer-Verlag",
    year      = "1977",
}

@misc{vakil,
    author    = "Vakil, Ravi",
    title     = "{Foundations of Algebraic Geometry}",  
    howpublished = "\url{http://math.stanford.edu/~vakil/216blog/}",
    year    = "2013",
}

@misc{clark,
    author    = "Clark, Pete L.",
    title     = "{Fundamental groups in characteristic $p$}",  
    howpublished = "\url{http://math.uga.edu/~pete/fundincharp.pdf}",
    year    = "2006",
}

